% Encoding: UTF8

@BOOK{crocker98,
 Title                 = {Handbook of Acoustics},
 Address           = {New York},
 Author             = {Crocker, Malcolm J. (ed.)},
 ISBN               = {978-0-471-25293-1},
 Publisher         = {John Wiley \& Sons},
 Year                 = {1998},
 Edition             = {.},
 Owner              = {Jonas},
 Timestamp       = {19.02.2018}
}

@BOOK{moeser2009,
	AUTHOR = {M\"oser, Michael},
	YEAR = {2009},
	TITLE = {Engineering Acoustics - An Introduction to Noise Control},
	EDITION = {},
	ISBN = {978-3-540-92723-5},
	PUBLISHER = {Springer Science \& Business Media},
	ADDRESS = {Berlin Heidelberg}
}





@Book{V-DOSC,
	Title                    = {V-DOSC},
	Address                  = {https://cdn01.usedlighting.com/products/files/f5a1eeb81ec465.pdf},
	Author                   = {L-ACOUSTICS},
	Publisher                = {L_ACOUSTICS},
	Year                     = {2005},
	
	Edition                  = {4},
	
	Owner                    = {Jonas},
	Timestamp                = {17.03.2017}
}

@BOOK{Kinsler2000,
	AUTHOR = {Kinsler, Lawrence E. AND Frey, Austin R. AND Coppens, Alan B. AND Sanders, James V.},
	YEAR = {2009},
	TITLE = {FUNDAMENTALS OF ACOUSTICS, 4TH ED - },
	EDITION = {4},
	ISBN = {0-471-84789-5},
	PUBLISHER = {John Wiley \& Sons, Inc},
	ADDRESS = {New York}
}

@BOOK{Sakuma2014,
	AUTHOR = {Sakuma, Tetsuya AND Sakamoto, Shinichi AND Otsuru, Toru},
	YEAR = {2014},
	TITLE = {Computational Simulation in Architectural and Environmental Acoustics - Methods and Applications of Wave-Based Computation},
	EDITION = {},
	ISBN = {978-4-431-54454-8},
	PUBLISHER = {Springer},
	ADDRESS = {Berlin, Heidelberg}
}

@BOOK{Kunz1993,
	AUTHOR = {Kunz, Karl S. AND Luebbers, Raymond J.},
	YEAR = {1993},
	TITLE = {The Finite Difference Time Domain Method for Electromagnetics - },
	EDITION = {},
	ISBN = {978-0-849-38657-2},
	PUBLISHER = {CRC Press},
	ADDRESS = {Boca Raton, Fla}
}

@BOOK{goldberg89,
	AUTHOR = {Goldberg, David E.},
	YEAR = {1989},
	TITLE = {Genetic Algorithms in Search, Optimization \& Machine Learning},
	EDITION = {},
	ISBN = {978-0-201-01576-8},
	PUBLISHER = {Addison-Wesley},
	ADDRESS = {Amsterdam}
}


@BOOK{Borwick2012,
	AUTHOR = {Borwick, John},
	YEAR = {2012},
	TITLE = {Loudspeaker and Headphone Handbook - },
	EDITION = {},
	ISBN = {978-1-136-12086-2},
	PUBLISHER = {CRC Press},
	ADDRESS = {Boca Raton, Fla}
}

@BOOK{McCarthy2016,
	AUTHOR = {McCarthy, Bob},
	YEAR = {2016},
	TITLE = {Sound Systems: Design and Optimization - Modern Techniques and Tools for Sound System Design and Alignment},
	EDITION = {},
	ISBN = {978-1-317-91109-8},
	PUBLISHER = {CRC Press},
	ADDRESS = {Boca Raton, Fla}
}

@BOOK{puria_2013,
  AUTHOR 		   = {Puria, Sunil AND Fay, Richard R. AND Popper, Arthur N.},
  YEAR	 		   = {2013},
  TITLE 		   = {The Middle Ear - Science, Otosurgery, and Technology},
  EDITION 		   = {},
  ISBN	 		   = {978-1-461-46591-1},
  PUBLISHER 		   = {Springer Science \& Business Media},
  ADDRESS 		   = {Berlin Heidelberg},

  Owner                    = {Jorge},
  Timestamp                = {2018.09.21}
}

@BOOK{pulkki2015,
  AUTHOR = {Pulkki, Ville AND Karjalainen, Matti},
  YEAR = {2015},
  TITLE = {Communication Acoustics - An Introduction to Speech, Audio and Psychoacoustics},
  EDITION = {},
  ISBN = {978-1-118-86655-9},
  PUBLISHER = {John Wiley \& Sons},
  ADDRESS = {New York},
  Owner                    = {Jonas},
  Timestamp                = {2018.09.25}
}

@BOOK{cote_2011,
	AUTHOR = {C\^{o}t\'{e}, Nicolas},
	YEAR = {2011},
	TITLE = {Integral and Diagnostic Intrusive Prediction of Speech Quality - },
	EDITION = {},
	ISBN = {978-3-642-18463-5},
	PUBLISHER = {Springer Science \& Business Media},
	ADDRESS = {Berlin Heidelberg},
}

@BOOK{arlinger_1991,
	AUTHOR = {Arlinger, Stig},
	YEAR = {1991},
	TITLE = {Manual of Practical Audiometry Volume II},
	EDITION = {},
	ISBN = {978-1-870-33202-6},
	PUBLISHER = {Whurr},
	ADDRESS = {London and New Jersey},
}



@BOOK{asmos_acous_2016,
	AUTHOR = {Xunren Yang},
	YEAR = {2016},
	TITLE = {Atmospheric Acoustics},
	EDITION = {},
	ISBN = {978-3-110-31153-2},
	PUBLISHER = {Walter de Gruyter GmbH Co KG},
	ADDRESS = {Berlin},
}

@BOOK{BALLOU2008xi,
editor = "Glen M. Ballou",
booktitle = "Handbook for Sound Engineers (Fourth Edition)",
publisher = "Focal Press",
edition = "Fourth Edition",
address = "Oxford",
pages = "xi - xii",
year = "2008",
isbn = "978-0-240-80969-4",
doi = "https://doi.org/10.1016/B978-0-240-80969-4.50002-X",
url = "http://www.sciencedirect.com/science/article/pii/B978024080969450002X",
author = "Glen Ballou"
}

