% Encoding: UTF-8

@Manual{Datablad,
  Title                    = {Titel},
  Author                   = {Datablad},
  Publisher                = {Udgivet af},
  Year                     = {År},
  Revision                 = {Revisionsnummer},
 Url                      = {url},
  Owner                    = {Jakob},
  Timestamp                = {2015.09.11}
}



@Manual{seas33,
  Title                    = {33 F-WKA and /DD},
  Author                   = {SEAS},
  Publisher                = {SEAS},
  Year                     = {1985},
  Revision                 = {4.21.A},
Url                      = {http://en.toutlehautparleur.com/media/catalog/product/datasheet/seas/33F-WKA_DD-8.pdf},
  Owner                    = {Jonas},
  Timestamp                = {2018.03.06}
}


@Manual{KS28,
  Title                    = {KS28 REFERENCE SUBWOOFER},
  Author                   = {L-Acoustics},
  Publisher                = {L-Acoustics},
  Year                     = {2016},
  Revision                 = {1.0},
Url                      = {http://www.l-acoustics.com/admin/product_files/KS28_SPS_EN_1.0.pdf},
  Owner                    = {Jonas},
  Timestamp                = {2018.03.07}
}

@Manual{ET250-3D,
  Title                    = {Outline ET250-3D},
  Author                   = {Outline},
  Publisher                = {Outline},
  Year                     = {2017},
  Revision                 = {170307},
Url                      = {http://outline.it/download/Documents/Manuals/Strumenti%20di%20misura/ET250-3D_Manual.pdf},
  Owner                    = {Jonas},
  Timestamp                = {2018.05.14}
}


@Manual{SL_GSL,
  Title                    = {SL GSL8/GSL12 Manual 1.2 en},
  Author                   = {D\&B audiotechnik},
  Publisher                = {D\&B audiotechnik},
  Year                     = {2018},
  Revision                 = {1.2},
Url                      = {https://www.sl-series.com/assets/microsites/sl-series/system_profile/downloads/Web_GSL8_GSL12_Manual_1.2_en.pdf},
  Owner                    = {Jonas},
  Timestamp                = {2018.05.28}
}

@Manual{radioear_b81,
  Title                    = {B-81 High Output Bone Transducer},
  Author                   = {Radioear},
  Publisher                = {Radioear},
 Url                      = {http://www.radioear.us/pdfs/RadioEarB81.pdf},
  Owner                    = {Jonas},
  Timestamp                = {2018.11.12}
}


@Manual{affinity_20,
  Title                    = {Instructions for Use – Part 1},
  Author                   = {Interacoustics},
  Publisher                = {Interacoustics},
 Url                      = {https://www.interacoustics.com/support/affinity/affinity-manuals/106-instructions-for-use-affinity-part1},
  Owner                    = {Jonas},
  Timestamp                = {2018.11.13}
}

@Manual{microPro_er4,
  Title                    = {ER-4 microPro earphones},
  Author                   = {ETYMOTIC RESEARCH},
  Publisher                = {ETYMOTIC RESEARCH},
 Url                      = {https://static.bhphotovideo.com/lit_files/71367.pdf},
  Owner                    = {Jonas},
  Timestamp                = {2018.12.13}
}

@Manual{KUDO_manual,
  Title                    = {KUDO Multi-Mode WST Enclosure},
  Author                   = {L-Acoustics},
  Publisher                = {L-Acoustics},
 Url                      = {http://www.dreamsound.com/downloadable/211},
  Owner                    = {Jonas},
  Timestamp                = {2019.03.11}
}

@Manual{KUDO_data,
  Title                    = {KUDO},
  Author                   = {L-Acoustics},
  Publisher                = {L-Acoustics},
 Url                      = {http://umeaudio.se/pdf/kudogb.pdf},
  Owner                    = {Jonas},
  Timestamp                = {2019.03.11}
}

@Manual{KUDO_rig,
  Title                    = {KUDO},
  Author                   = {L-Acoustics},
  Publisher                = {L-Acoustics},
 Url                      = {http://impact-even.com/wp/wp-content/uploads/2012/03/procedure_d_accrochage_kudo.pdf},
  Owner                    = {Jonas},
  Timestamp                = {2019.03.11}
}
