% This file was created with JabRef 2.10.
% Encoding: UTF8

@Mastersthesis{Specialerapport,
  Title                    = {Titel},
  Author                   = {Specialerapport},
  School                   = {Universitet og fakultet},
  Year                     = {År},

  Lastvisit                = {Sidste besøg af link i dette format: dd mmm åååå},
  Url                      = {Link},

  Owner                    = {Jakob},
  Timestamp                = {2015.09.11}
}

@Mastersthesis{FDTDsource,
  Title                    = {Finite-difference time-domain solver for room acoustics using graphics process-
ing units},
  Author                   = {Jukka Saarelma},
  School                   = {Aalto University, School of Electrical Engineering},
  Year                     = {2013},

  Lastvisit                = {03.04.2017},
  Url                      = {https://pdfs.semanticscholar.org/3de4/fad7e947af077745e73717e4edf3e8d66b3f.pdf},

  Owner                    = {Jonas},
  Timestamp                = {2017.04.03}
}

@Mastersthesis{effect_of_wind,
  Title                    = {The effect of wind and turbulence on sound propagation in the atmosphere},
  Author                   = {André Filipe Garcia Peixoto de Oliveira},
  School                   = {Instituto Superior Technico Universidad Tecnica de  Lisboa},
  Year                     = {2012},

  Lastvisit                = {18.02.2019},
  Url                      = {https://fenix.tecnico.ulisboa.pt/downloadFile/395144345754/dissertacao.pdf},

  Owner                    = {Jonas},
  Timestamp                = {2019.02.18}
}