% This file was created with JabRef 2.10.
% Encoding: UTF8


@Article{Avisartikel,
  Title                    = {Titel},
  Author                   = {Avisartikel},
  Issue                    = {Nummer},
  Journal                  = {Avis},
  Pages                    = {Sidenummer},
  Volume                   = {Årgang},
  Year                     = {År},

  HowPublished             = {Hvis det er en online artikel skrives der "Online" her.},
  Institution              = {Udfyldes ikke},
  Lastvisit                = {Sidste besøg på websiden.},
  Url                      = {Link},

  Owner                    = {Jakob},
  Timestamp                = {2015.09.11}
}



@Article{natural_sounding_revorb,
  Title                    = {Natural Sounding Artificial Reverberation},
  Author                   = {M. R. Schroeder},
  Issue                    = {3},
  Journal                  = {JUNAL OF THE AUDIO ENGINEERING SOCIETY},
  Pages                    = {219-223},
  Volume                   = {1962},
  Year                     = {1962},

  HowPublished             = {Online},
  Institution              = {Udfyldes ikke},
  Lastvisit                = {2017.03.10},
  Url                      = {https://www.google.dk/url?sa=t&rct=j&q=&esrc=s&source=web&cd=1&cad=rja&uact=8&ved=0ahUKEwjvy5m2_MvSAhVkAZoKHcsICkEQFgggMAA&url=http%3A%2F%2Fcharlesames.net%2Fpdf%2FMRSchroeder%2Fartificial-reverb.pdf&usg=AFQjCNGhBCqwld_3K_VcAxR_JR0Pwh20Xg&sig2=GhvEAiZil-Mza4_rLFdtmA},

  Owner                    = {Jonas},
  Timestamp                = {2017.03.10}
}