% This file was created with JabRef 2.10.
% Encoding: UTF8


@Phdthesis{PhD-rapport,
  Title                    = {Titel},
  Author                   = {{PhD-rapport}},
  School                   = {Universitet og fakultet},
  Year                     = {År},

  Lastvisit                = {Sidste besøg af link i dette format: dd mmm åååå},
  Url                      = {Link},

  Owner                    = {Jakob},
  Timestamp                = {2015.09.11}
}

