% This file was created with JabRef 2.10.
% Encoding: UTF8


@Article{Videnskabeligartikel,
  Title                    = {Titel},
  Author                   = {{Videnskabelig artikel}},
  Issue                    = {Nummer},
  Journal                  = {Tidskrift},
  Pages                    = {Sider},
  Volume                   = {Årgang},
  Year                     = {År},

  HowPublished             = {Hvis det er en online artikel skrives der "online" her.},
  Institution              = {Forfatterens universitet hvis dette er entydigt.},
  Lastvisit                = {Sidste besøg af link i dette format: dd mmm åååå},
  Url                      = {Link},

  Owner                    = {Jakob},
  Timestamp                = {2015.09.11}
}

@Article{mueller01,
  Title                    = {Transfer-Function Measurement with Sweeps, Director’s Cut Including Previously Unreleased Material
and some Corrections},
  Author                   = {M\"uller, Swen and Massarani, Paulo},
HowPublished               = {online},
  Year                     = {2001},

}

@Article{ho_2017,
  Title                    = {Spectrum of Third Window Abnormalities: Semicircular Canal Dehiscence and Beyond},
  Author                   = {Ho, M.-L. and Moonis, G. and Halpin, C.F. and Curtin, H.D.},
  Issue                    = {1},
  Journal                  = {American Journal of Neuroradiology},
  Pages                    = {2-9},
  Volume                   = {38},
  Year                     = {2017},


  Url                      = {http://www.ajnr.org/content/38/1/2},

  Owner                    = {Jonas},
  Timestamp                = {2018.09.20}
}


@Article{stenfelt_2005,
  Title                    = {Bone-Conducted Sound: Physiological and Clinical Aspects},
  Author                   = {Stenfelt, Stefan and Goode, Richard L.},
  Issue                    = {Nummer},
  Journal                  = {6},
  Pages                    = {1245-1261},
  Volume                   = {26},
  Year                     = {2005},

  Owner                    = {Jonas},
  Timestamp                = {2018.09.20}
}

@Article{dauman_2013,
  Title                    = {Bone conduction: An explanation for this phenomenon comprising complex mechanisms},
  Author                   = {Dauman, R.},
  Issue                    = {4},
  Journal                  = {European Annals of Otorhinolaryngology, Head and Neck diseases},
  Pages                    = {209-213},
  Volume                   = {130},
  Year                     = {2013},

  Owner                    = {Christoph},
  Timestamp                = {2018.09.20}
}


@Article{bekesy_1932,
  Title                    = {Zur Theorie des H\"orens bei der Schallaufnahme durch Knochenleitung},
  Author                   = {von B\'ek\'esy, Georg},
  Issue                    = {13},
  Journal                  = {Annalen der Physik},
  Pages                    = {111-136},
  Volume                   = {5},
  Year                     = {1932},

  Owner                    = {Christoph},
  Timestamp                = {2018.09.20}
}

@Article{stenfelt_2007,
  Title                    = {Simultaneous cancellation of air and bone conduction tones at
two frequencies: Extension of the famous experiment by von B\'ek\'esy},
  Author                   = {Stenfelt, Stefan},
  Issue                    = {1-2},
  Journal                  = {Hearing Research},
  Pages                    = {105-116},
  Volume                   = {225},
  Year                     = {2007},


  Owner                    = {Christoph},
  Timestamp                = {2018.09.20}
}


@Article{the_balanced_2003,
  Title                    = {The balanced electromagnetic separation transducer: A new bone conduction transducer},
  Author                   = {Bo E. V. Håkansson},
  Issue                    = {0001-4966},
  Journal                  = {J. Acoust. Soc. Am.},
  Pages                    = {818-825},
  Volume                   = {113(2)},
  Year                     = {2003},

  HowPublished             = {Online},
  Lastvisit                = {2018.09.21},
  Url                      = {https://pdfs.semanticscholar.org/6c33/70fd43ff0d37e9cfa19ad0f3b5d31b78386d.pdf},

  Owner                    = {Jonas},
  Timestamp                = {2018.09.20}
}


@Article{lowy_1942,
  Title                    = {Cancellation of the Electrical Cochlear Response with Air- and Bone-Conducted Sound},
  Author                   = {Lowy, Karl},
  Journal                  = {J. Acoust. Soc. Am.},
  Pages                    = {156-158},
  Volume                   = {13},
  Year                     = {1942},

  Url                      = {https://doi.org/10.1121/1.1916212},

  Owner                    = {Christoph},
  Timestamp                = {2018.09.21}
}

@Article{zhang_2016,
  Title                    = {Bone conduction hearing in congenital aural atresia},
  Author                   = {Zhang, Lichun and Gao, Na and Yang, Lin and Xie, Youzhou and Chen, Ying and Dai, Peidong and Zhang, Tianyu},
  Issue                    = {7},
  Journal                  = {European Archives of Oto-Rhino-Laryngology},
  Pages                    = {1697-1703},
  Volume                   = {273},
  Year                     = {2016},
  

  Url                      = {https://link.springer.com/article/10.1007/s00405-015-3727-1},

  Owner                    = {Jorge},
  Timestamp                = {2018.09.21}
}

@Article{stenfelt_2005b,
  Title                    = {Transmission properties of bone conducted
sound: Measurements in cadaver heads},
  Author                   = {Stenfelt, Stefan and Goode, Richard L.},
  Issue                    = {118},
  Journal                  = {The Journal of the Acoustical Society of America},
  Pages                    = {2373-2391},

  Year                     = {2005},
  

  Url                      = {https://doi.org/10.1121/1.2005847},

  Owner                    = {Jorge},
  Timestamp                = {2018.09.21}
}

@Article{hakansson_1994,
  Title                    = {Resonance frequencies of the human skull in vivo},
  Author                   = {Håkansson, Bo and Brandt, Anders and Carlsson, Peder},
  Issue                    = {95},
  Journal                  = {The Journal of the Acoustical Society of America},
  Pages                    = {1474-1481},

  Year                     = {1994},
  

  Url                      = {https://doi.org/10.1121/1.408535},

  Owner                    = {Jorge},
  Timestamp                = {2018.09.21}
}

@article{hakansson_1985,
author = {Håkansson, Bo and Tjellström, Anders and Rosenhall, Ulf},
title = {Acceleration Levels at Hearing Threshold with Direct Bone Conduction Versus Conventional Bone Conduction},
journal = {Acta Oto-Laryngologica},
volume = {100},
number = {3-4},
pages = {240-252},
year  = {1985},
publisher = {Taylor & Francis},
doi = {10.3109/00016488509104786},

URL = {https://doi.org/10.3109/00016488509104786}
    
}
 

@article{froehlich_2018,
    author = {Fr\"ohlich, Laura AND Plontke, Stefan K. AND Rahne, Torsten},
    journal = {PLOS ONE},
    publisher = {Public Library of Science},
    title = {Influence of transducer types on bone conduction hearing thresholds},
    year = {2018},
    month = {04},
    volume = {13},
    url = {https://doi.org/10.1371/journal.pone.0195233},
    pages = {1-11},
    number = {4},
    doi = {10.1371/journal.pone.0195233}
}



@Article{cat_test,
  Title                    = {Using the Callsign Acquisition Test (CAT) to investigate the impact of background noise, gender, and bone vibrator location on
the intelligibility of bone-conducted speech},
  Author                   = {B. Osafo-Yeboah, X. Jiang AND M. McBride, D. Mountjoy AND E. Park},
  Journal                  = {International Journal of Industrial Ergonomics},
  Pages                    = {246–254},
  Volume                   = {39},
  Year                     = {2009},
  Owner                    = {Jonas},
  Timestamp                = {2018.10.15}
}

@Article{freefield_method,
  Title                    = {A free-field method to calibrate bone conduction transducers},
  Author                   = {Kimberly A. Pollard, Phuong K. Tran AND Tomasz R. Letowski},
  Journal                  = {J. Acoust. Soc. Am.},
  Pages                    = {858–865},
  Volume                   = {133},
  Year                     = {2013},
  Owner                    = {Jonas},
  Timestamp                = {2018.10.16}
}





@Article{Influence_without,
  Title                    = {Influence of stimulation position on the sensitivity for bone conduction hearing aids without skin penetration},
  Author                   = {Ivo Dobrev, Stefan Stenfelt AND Christof Röösli, Lucy Bolt AND Flurin Pfiffner, Rahel Gerig AND Alexander Huber, Jae Hoon Sim},
  Journal                  = {International Journal of Audiology },
  Pages                    = {439-446},
  Volume                   = {55},
  Year                     = {2016},
  Owner                    = {Jonas},
  Timestamp                = {2018.10.16}
}


@Article{sensitivity_mapping,
  Title                    = {Bone conduction reception: Head sensitivity mapping},
  Author                   = {Maranda McBride AND Tomasz Letowski  AND Phuong Tran},
    Issue                    = {5},
  Journal                  = {IErgonomics},
  Pages                    = {702-718},
  Volume                   = {51},
  Year                     = {2008},
  Owner                    = {Jonas},
  Timestamp                = {2018.10.17}
}

@Article{rao_2006,
  Title                    = {Callsign Acquisition Test (CAT): Speech Intelligibility in Noise},
  Author                   = {Rao, Mohan D. and Letowski, Tomasz},
  Issue                    = {1},
  Journal                  = {Ear \& Hearing},
  Pages                    = {120-128},
  Volume                   = {17},
  Year                     = {2006},

  Lastvisit                = {17.10.2018},
  Url                      = {https://insights.ovid.com/pubmed?pmid=16518140},

  Owner                    = {ck},
  Timestamp                = {2018.10.17}
}

@Article{gripper_2007,
  Title                    = {Using the Callsign Acquisition Test (CAT) to compare the speech intelligibility of air versus bone conduction},
  Author                   = {Gripper, M. and McBride, M. and Osafo-Yeboah, B. and Jiang, X.},
  Journal                  = {International Journal of Industrial Ergonomics},
  Pages                    = {631-641},
  Volume                   = {37},
  Year                     = {2007},

  Lastvisit                = {17.10.2018},
  Url                      = {https://www.sciencedirect.com/science/article/pii/S0169814107000765},

  Owner                    = {Jakob},
  Timestamp                = {2015.09.11}
}





@Article{crosswind_effect_2016,
  Title                    = {Numerical Investigation of the Effect of Crosswind on Sound Propagation Outdoors},
  Author                   = {Maarten Hornikx and Timothy Van Renterghem},
  Journal                  = {ACTA ACUSTICA UNITED WITH ACUSTICA},
  Pages                    = {558-565},
  Volume                   = {102},
  Year                     = {2017},

  Owner                    = {Jonas},
  Timestamp                = {2019.02.18}
}


@article{humanity_effect_on_speed,
author = {Wong,George S. K.  and Embleton,Tony F. W. },
title = {Variation of the speed of sound in air with humidity and temperature},
journal = {The Journal of the Acoustical Society of America},
volume = {77},
number = {5},
pages = {1710-1712},
year = {1985},
doi = {10.1121/1.391918},

URL = { 
        https://doi.org/10.1121/1.391918
    
},
eprint = { 
        https://doi.org/10.1121/1.391918
    
}

}



@article{ray_tracing,
author = {Prospathopoulos,John M.  and Voutsinas,Spyros G. },
title = {Determination of equivalent sound speed profiles for ray tracing in near-ground sound propagation},
journal = {The Journal of the Acoustical Society of America},
volume = {122},
number = {3},
pages = {1391-1403},
year = {2007},
doi = {10.1121/1.2764476},

URL = { 
        https://doi.org/10.1121/1.2764476
    
},
eprint = { 
        https://doi.org/10.1121/1.2764476
    
}

}



@article{crosswind_simulation,
author = {Ostashev,Vladimir E.  and Wilson,D. Keith  and Liu,Lanbo  and Aldridge,David F.  and Symons,Neill P.  and Marlin,David },
title = {Equations for finite-difference, time-domain simulation of sound propagation in moving inhomogeneous media and numerical implementation},
journal = {The Journal of the Acoustical Society of America},
volume = {117},
number = {2},
pages = {503-517},
year = {2005},
doi = {10.1121/1.1841531},

URL = { 
        https://doi.org/10.1121/1.1841531
    
},
eprint = { 
        https://doi.org/10.1121/1.1841531
    
}

}

@article{review_of_sound,
author = {Piercy,J. E.  and Embleton,T. F. W.  and Sutherland,L. C. },
title = {Review of noise propagation in the atmosphere},
journal = {The Journal of the Acoustical Society of America},
volume = {61},
number = {6},
pages = {1403-1418},
year = {1977},
doi = {10.1121/1.381455},

URL = { 
        https://doi.org/10.1121/1.381455
    
},
eprint = { 
        https://doi.org/10.1121/1.381455
    
}

}


@article{tur_on_sound,
author = {Embleton,Tony F. W. },
title = {Tutorial on sound propagation outdoors},
journal = {The Journal of the Acoustical Society of America},
volume = {100},
number = {1},
pages = {31-48},
year = {1996},
doi = {10.1121/1.415879},

URL = { 
        https://doi.org/10.1121/1.415879
    
},
eprint = { 
        https://doi.org/10.1121/1.415879
    
}

}