% This file was created with JabRef 2.10.
% Encoding: UTF8

@Manual{Standard,
  Title                    = {Titel},
  Author                   = {Standard},
  Publisher                = {Udgivet af},
  Year                     = {År},

  Institution              = {Forfatterens institution},
  Lastvisit                = {Linket er sidst besøgt: dd mmm åååå},
  Revision                 = {Revision},
  Url                      = {Link},

  Owner                    = {Jakob},
  Timestamp                = {2015.09.11}
}

@Manual{GPSstandard,
  Title                    = {GPS Standard Positioning Service Performance Standard},
  Author                   = {{Department of Defense}},
  Publisher                = {Office of the Secretary of Defense},
  Year                     = {2008},

  Institution              = {GPS Navstar},
  Lastvisit                = {8 March 2016},
  Revision                 = {4th Edition},
  Url                      = {http://www.gps.gov/technical/ps/2008-SPS-performance-standard.pdf},

  Owner                    = {Jakob}
}
@Manual{ansis1.1,
  Title                    = {\textup{American National Standard}, Acoustical Terminology},
  Author                   = {{ANSI S1.1}},
  Year                     = {2013},


  Owner                    = {Christoph},
  Timestamp                = {2018.02.27}
}

@Manual{ansis1.1,
  Title                    = {\textup{American National Standard}, Acoustical Terminology},
  Author                   = {{ANSI S1.1}},
  Year                     = {2013},


  Owner                    = {Christoph},
  Timestamp                = {2018.02.27}
}
@Manual{iec_60268,
  Title                    = {\textit{Sound System Equipment - Part 16: Objective rating of speech intelligibility by speech transmission index}},
  Author                   = {{IEC 60268-16:2011}},

  Institution              = {International Electrotechnical Commission},

  Owner                    = {Christoph},
  Timestamp                = {2018.10.05}
}

@Manual{iso_389-3,
  Title                    = {\textit{Acoustics - Reference zero for the calibration of audiometric equipment - Part 3: Reference equivalent threshold vibratory force levels for pure tones and bone vibrators}},
  Author                   = {{ISO 389-3:2016}},

  Institution              = {International Organization for Standardization},

  Owner                    = {Christoph},
  Timestamp                = {2018.10.05}
}


@Manual{ANSI_S35,
  Title                    = {Methods for the Calculation of the Speech Intelligibility Index}},
  Author                   = {{ANSI/ASA-S3.5-1997}},
  Year                     = {1997},
  Institution              = {New York, N.Y. : Acoustical Society of America},

  Owner                    = {Jonas},
  Timestamp                = {2018.11.22}
}
@Manual{ansi_s3.2,
  Title                    = {\textup{American National Standard}, Method for Measuring the Intelligibility of Speech over Communication Systems},
  Author                   = {{ANSI S3.2}},
  Year                     = {2009},


  Owner                    = {Christoph},
  Timestamp                = {2018.02.18}
}

@Manual{iso_389-9,
  Title                    = {\textit{Acoustics - Reference zero for the calibration of audiometric equipment - Part 9: Preferred test conditions for the determination of reference hearing threshold levels}},
  Author                   = {{ISO 389-9:2009}},

  Institution              = {International Organization for Standardization},

  Owner                    = {Christoph},
  Timestamp                = {2018.12.11}
}

@Manual{iso_8253-2,
  Title                    = {\textit{Acoustics -- Audiometric test methods -- Part 2: Sound field audiometry with pure-tone and narrow-band test signals}},
  Author                   = {{ISO 8253-2:2009}},

  Institution              = {International Organization for Standardization},

  Owner                    = {Jonas},
  Timestamp                = {2018.12.13}
}

@Manual{iso_11904-1,
  Title                    = {\textit{Acoustics -- Determination of sound immission from sound sources placed close to the ear -- Part 1: Technique using a microphone in a real ear (MIRE technique)}},
  Author                   = {{ISO 11904-1:2002}},

  Institution              = {International Organization for Standardization},

  Owner                    = {Jonas},
  Timestamp                = {2018.12.13}
}

@Manual{iso_11904-2,
  Title                    = {\textit{Acoustics -- Determination of sound immission from sound sources placed close to the ear -- Part 2: Technique using a manikin}},
  Author                   = {{ISO 11904-2:2004}},

  Institution              = {International Organization for Standardization},

  Owner                    = {Jonas},
  Timestamp                = {2018.12.13}
}
