% Encoding: UTF-8

@Techreport{Tekniskrapport,
  Title                    = {Titel},
  Author                   = {{Teknisk rapport}},
  Publisher                = {Udgivet af},
  Year                     = {År},

  Address                  = {Udgivelsessted},
  HowPublished             = {Hvis rapporten kun er tilgængelig online skrives der "online" her.},
  Lastvisit                = {Sidste besøg af webadressen i dette format: dd mmm åååå},
  Pages                    = {Hvis der kun er brugt nogle specifikke sider skrives det her.},
  Url                      = {Link},

  Owner                    = {Jakob},
  Timestamp                = {2015.09.11}
}

@Misc{GoTpage,
  Title                    = {Setting up a satellite system},
  Author                   = {{Games on Track}},
  Lastvisit                = {14 September 2016},
  Publisher                = {GamesOnTrack A/S},
  HowPublished             = {Online},
  Url                      = {http://www.masterpiece.dk/UploadetFiles/10495/25/Ops_t_satellit_systemet__UK-DE-DK-rev(1).pdf},
  Year                     = {2014},

  Owner                    = {Jakob},
  Address                  = {Holstebro, Denmark}
}

@Techreport{arl_us_army,
  Title                    = {Correlational Analysis of Speech Intelligibility Tests and Metrics for Speech Transmission},
  Author                   = {Letowski,Tomasz R. and Scharine, Angelique A.},
  Publisher                = {US Army Research Laboratory},
  Year                     = {2017},

  Address                  = {DEFENSE TECHNICAL INFORMATION CENTER},
  HowPublished             = {Online},
  Lastvisit                = {27.09.2018},
  Url                      = {http://www.dtic.mil/dtic/tr/fulltext/u2/1043203.pdf},

  Owner                    = {Jonas},
  Timestamp                = {2018.09.27}
}

@Techreport{mrt_63,
  Title                    = {Psychoacoustic Speech Tests: A Modified Rhyme Test},
  Author                   = {House, Arthur S. AND Williams, Carl AND Hecker, Michael H. L. AND Kryter, Karl D.},
  Publisher                = {Decision Sciences Laboratory, Electronic Systems Division, Air Force Systems Command, United States Air Force},
  Year                     = {1963},

  Address                  = {L.G. Hanscom Field, Bedford, Massachusetts},
  HowPublished             = {online},
  Lastvisit                = {06.12.2018},
  Url                      = {https://apps.dtic.mil/dtic/tr/fulltext/u2/411983.pdf},

  Owner                    = {CK},
  Timestamp                = {2018.12.06}
}