% Encoding: UTF-8


@Misc{coustii,
  Title			   = {Guitar’s Anatomy: Parts of an Electric Guitar},
  Author		   = {Coustii},
  HowPublished		   = {Website},
  Year			   = {2017},
  Lastvisit		   = {7 february 2017},
  Publisher		   = {Coustii},
  Url			   = {https://coustii.com/parts-of-an-electric-guitar/},
  Owner			   = {Sebastian},
}

@Misc{nordic,
  Title			   = {Ideal Graphic Equalization},
  Author		   = {Lake},
  HowPublished		   = {Website},
  Year			   = {2017},
  Lastvisit		   = {8 february 2017},
  Publisher		   = {Lake},
  Url			   = {http://www.nordicsales.dk/imgdb/docs/lakewh_981.pdf},
  Owner			   = {Jonas},
}


@Misc{howtogeek,
  Title			   = {What Is an Equalizer, and How Does It Work?},
  Author		   = {howtogeek},
  HowPublished		   = {Website},
  Year			   = {2017},
  Lastvisit		   = {8 february 2017},
  Publisher		   = {howtogeek},
  Url			   = {http://www.howtogeek.com/59467/htg-explains-what-is-an-equalizer-and-how-does-it-work/},
  Owner			   = {Jonas},
}

@Misc{lab_gruppen_eq,
  Title			   = {Lake Controller},
  Author		   = {Lab Gruppen},
  HowPublished		   = {Website},
  Year			   = {2016},
  Lastvisit		   = {8 february 2017},
  Publisher		   = {Lab Gruppen},
  Url			   = {http://www.marketing.labgruppen.com/webservices/dh.ashx?t=dl&v=11326},
  Owner			   = {Jonas},
}
@Misc{premierguitar,
  Title			   = {Tone Terminologi},
  Author		   = {PremierGuitar},
  HowPublished		   = {Website},
  Year			   = {2017},
  Lastvisit		   = {10 february 2017},
  Publisher		   = {Premierguitar},
  Url			   = {https://www.premierguitar.com/articles/tone-terminology-1},
  Owner			   = {Sebastian},
}

@Misc{powersoft_eq,
  Title			   = {X4},
  Author		   = {Powersoft},
  HowPublished		   = {Website},
  Year			   = {2016},
  Lastvisit		   = {8 february 2017},
  Publisher		   = {Powersoft},
  Url			   = {http://www.powersoft-audio.com/en/docman/895-x4-datasheet/file},
  Owner			   = {Jonas},
}
@Misc{Helsinki,
  Title			   = {Theoretical and practical studies on the behaviour of electric guitar pickups},
  Author		   = {Thomas Jungmann},
  HowPublished		   = {Website},
  Year			   = {1994},
  Lastvisit		   = {10 february 2017},
  Publisher		   = {Department of electrical engineering Acoustics laboratory at the Helsinki Univerity of Technology},
  Url			   = {http://research.spa.aalto.fi/publications/theses/jungmann_mst.pdf},
  Owner			   = {Sebastian},
}

@Misc{delay_block,
  Title			   = {Delay effects},
  Author		   = {hobby-hour},
  HowPublished		   = {Website},
  Year			   = {?},
  Lastvisit		   = {10 february 2017},
  Publisher		   = {hobby-hour},
  Url			   = {http://www.hobby-hour.com/guitar/delay_effects.php},
  Owner			   = {Jonas},
}
@Misc{E-Home,
  Title			   = {The Definitive Guide to Guitar Strings for Acoustic/Electric Guitar},
  Author		   = {E-Home Recording Studio},
  HowPublished		   = {Website},
  Year			   = {2017},
  Lastvisit		   = {10 february 2017},
  Publisher		   = {E-Home Recording Studio},
  Url			   = {https://ehomerecordingstudio.com/best-guitar-strings/},
  Owner			   = {Sebastian},
}

@Misc{delay_echo,
  Title			   = {Effects Explained: Echo, Delay, and Reverb},
  Author		   = {Dave Hunter},
  HowPublished		   = {Website},
  Year			   = {2008},
  Lastvisit		   = {10 february 2017},
  Publisher		   = {gibson},
  Url			   = {http://www.gibson.com/News-Lifestyle/Features/en-us/effects-explained-echo-delay.aspx},
  Owner			   = {Jonas},
}
@Misc{sweetwater,
  Title			   = {Does String Height Affect Guitar Tone?},
  Author		   = {Sweetwater},
  HowPublished		   = {Website},
  Year			   = {2017},
  Lastvisit		   = {10 february 2017},
  Publisher		   = {sweetwater},
  Url			   = {https://www.sweetwater.com/insync/does-string-height-affect-guitar-tone/},
  Owner			   = {Sebastian},
}

@Misc{seymourduncan,
  Title			   = {GUITAR BRIDGES: THE WHAT AND THE WHY},
  Author		   = {seymourduncan},
  HowPublished		   = {Website},
  Year			   = {2017},
  Lastvisit		   = {10 february 2017},
  Publisher		   = {seymourduncan},
  Url			   = {http://www.seymourduncan.com/blog/the-tone-garage/guitar-bridges},
  Owner			   = {Sebastian},
}


@Misc{reverb_expl,
  Title			   = {What is Reverb?},
  Author		   = {mediacollege},
  HowPublished		   = {Website},
  Year			   = {2008},
  Lastvisit		   = {10 february 2017},
  Publisher		   = {mediacollege},
  Url			   = {http://www.mediacollege.com/audio/reverb/intro.html},
  Owner			   = {Jonas},
}

@Misc{reverb_natural,
  Title			   = {What is Reverb?},
  Author		   = {Daniel Brooks},
  HowPublished		   = {Website},
  Year			   = {2012},
  Lastvisit		   = {10 february 2017},
  Publisher		   = {proguitarshop},
  Url			   = {http://proguitarshop.com/andyscorner/what-is-reverb},
  Owner			   = {Jonas},
}
@Misc{Raspberry_pi,
  Title			   = {Raspberry pi 3 model B},
  Author		   = {Raspberry pi},
  HowPublished		   = {Website},
  Year			   = {2017},
  Lastvisit		   = {12 february 2017},
  Publisher		   = {Raspberry pi},
  Url			   = {https://www.raspberrypi.org/products/raspberry-pi-3-model-b/},
  Owner			   = {Sebastian},
}

@Misc{sparkfun_Raspberry_pi,
  Title			   = {Raspberry pi 3},
  Author		   = {Sparkfun},
  HowPublished		   = {Website},
  Year			   = {2017},
  Lastvisit		   = {12 february 2017},
  Publisher		   = {Sparkfun},
  Url			   = {https://www.sparkfun.com/products/13825},
  Owner			   = {Sebastian},
}

@Misc{AnalogDialogue,
  Title			   = {DSP 101 Part 1: An Introductory Course in DSP System Design},
  Author		   = {AnalogDialogue},
  HowPublished		   = {Website},
  Year			   = {2017},
  Lastvisit		   = {14 february 2017},
  Publisher		   = {AnalogDialogue},
  Url			   = {http://www.analog.com/en/analog-dialogue/articles/dsp-101-part-1.html},
  Owner			   = {Sebastian},
}

@Misc{chorus_testtone,
	Title			   = {What is a Chorus Effect?},
	Author		   = {TestTone},
	HowPublished		   = {Website},
	Year			   = {2017},
	Lastvisit		   = {14 february 2017},
	Publisher		   = {TestTone Music Technology Reviews},
	Url			   = {http://testtone.com/fundamentals/what-chorus-effect},
	Owner			   = {Mohamed},
}

@Misc{chorus_apple,
	Title			   = {Chorus Effect - SoundTrack Pro 3 Documentation},
	Author		   = {Apple Inc.},
	HowPublished		   = {Website},
	Year			   = {2017},
	Lastvisit		   = {14 february 2017},
	Publisher		   = {Apple Inc.},
	Url			   = {https://documentation.apple.com/en/soundtrackpro/effectsreference/index.html#chapter=8%26section=1%26tasks=true},
	Owner			   = {Mohamed},
}

@Misc{chorus_gibson,
	Title			   = {Effects Explained: Modulation—Phasing, Flanging, and Chorus},
	Author		   = {Dave Hunter},
	HowPublished		   = {Website},
	Year			   = {2017},
	Lastvisit		   = {14 february 2017},
	Publisher		   = {Gibson},
	Url			   = {http://www.gibson.com/News-Lifestyle/Features/en-us/effects-explained-modulation.aspx},
	Owner			   = {Mohamed},
}

@Misc{chorus_projectpaper,
	Title			   = {DSP AUDIO EFFECTS},
	Author		   = {Vicerut Nonzee, Piya Poongbunkor},
	HowPublished		   = {Project Paper},
	Year			   = {2017},
	Lastvisit		   = {14 february 2017},
	Publisher		   = {University of Illinois},
	Url			   = {https://courses.engr.illinois.edu/phys406/Student_Projects/Spring01/PPoongbunkor/Piya_Poongbunkor_DSP.pdf},
	Owner			   = {Mohamed},
}

@Misc{wah-wah_course,
	Title			   = {DIGITAL AUDIO EFFECTS},
	Author		   = {ORCHISAMA DAS},
	HowPublished		   = {Course Lecture},
	Year			   = {2017},
	Lastvisit		   = {14 february 2017},
	Publisher		   = {JADAVPUR UNIVERSITY},
	Url			   = {https://web.stanford.edu/~odas/Documents/DAFx.pdf},
	Owner			   = {Mohamed},
}

@Misc{wah-wah_audacity,
	Title			   = {Wahwah},
	Author		   = {Audacity},
	HowPublished		   = {User Manual Website},
	Year			   = {2017},
	Lastvisit		   = {14 february 2017},
	Publisher		   = {Audacity},
	Url			   = {http://manual.audacityteam.org/man/wahwah.html},
	Owner			   = {Mohamed},
}

@Misc{wah-wah_cardiff,
	Title			   = {Digital Audio Effects},
	Author		   = {Cardiff University},
	HowPublished		   = {Lecture on Website},
	Year			   = {2017},
	Lastvisit		   = {14 february 2017},
	Publisher		   = {Cardiff University},
	Url			   = {http://users.cs.cf.ac.uk/Dave.Marshall/CM0268/PDF/10_CM0268_Audio_FX.pdf},
	Owner			   = {Mohamed},
}

@Misc{distortion_difference,
	Title			   = {What is the difference between Overdrive and Distortion?},
	Author		   = {Teental},
	HowPublished		   = {Forum question},
	Year			   = {2017},
	Lastvisit		   = {14 february 2017},
	Publisher		   = {Music StackExchange},
	Url			   = {http://music.stackexchange.com/questions/23947/what-is-the-difference-between-overdrive-and-distortion},
	Owner			   = {Mohamed},
}

@Misc{distortion_clipping1,
	Title			   = {How Do Guitar Distortion and Overdrive Work?},
	Author		   = {How-to Geek?},
	HowPublished		   = {Website},
	Year			   = {2017},
	Lastvisit		   = {14 february 2017},
	Publisher		   = {How-to Geek?},
	Url			   = {https://www.howtogeek.com/64096/htg-explains-how-do-guitar-distortion-and-overdrive-work/},
	Owner			   = {Mohamed},
}

@Misc{distortion_harmonics,
	Title			   = {Soft Clipping Explained},
	Author		   = {James Podles},
	HowPublished		   = {Website},
	Year			   = {2017},
	Lastvisit		   = {14 february 2017},
	Publisher		   = {Soundista},
	Url			   = {http://soundista.com/soft-clipping-explained/},
	Owner			   = {Mohamed},
}



@Misc{distortion_digital,
	Title			   = {Digital Clipping},
	Author		   = {Richard},
	HowPublished		   = {Website},
	Year			   = {2017},
	Lastvisit		   = {14 february 2017},
	Publisher		   = {Bitperfect},
	Url			   = {http://bitperfectsound.blogspot.dk/2013/05/digital-clipping.html},
	Owner			   = {Mohamed},
}

@Misc{distortion_digitalcalc,
	Title			   = { Clipping (signal processing) },
	Author		   = {Revolvy},
	HowPublished		   = {Website},
	Year			   = {2017},
	Lastvisit		   = {14 february 2017},
	Publisher		   = {Revolvy},
	Url			   = {https://www.revolvy.com/main/index.php?s=Clipping%20(signal%20processing)},
	Owner			   = {Mohamed},
}





@Misc{hobby_hour_chorus,
	Title			   = {Chorus guitar effects},
	Author		   = {hobby-hour},
	HowPublished		   = {Website},
	Year			   = {2017},
	Lastvisit		   = {14 february 2017},
	Publisher		   = {hobby-hour},
	Url			   = {http://www.hobby-hour.com/guitar/chorus_effects.php},
	Owner			   = {Jonas},
}


@Misc{FPGA_youtube,
	Title			   = {EEVblog  - What Is An FPGA?},
	Author		   = {EEVblog},
	HowPublished		   = {Video},
	Year			   = {2017},
	Lastvisit		   = {14 february 2017},
	Publisher		   = {Youtube},
	Url			   = {https://www.youtube.com/watch?v=gUsHwi4M4xE},
	Owner			   = {Mohamed},
}

@Misc{FPGA_center,
	Title			   = {FPGA ARCHITECTURE},
	Author		   = {FPGACenter},
	HowPublished		   = {Website},
	Year			   = {2017},
	Lastvisit		   = {14 february 2017},
	Publisher		   = {FPGACenter},
	Url			   = {http://www.fpgacenter.com/fpga/fpga_arch.php},
	Owner			   = {Mohamed},
}

@Misc{FPGA_toronto,
	Title			   = {FPGA Architecture for the Challenge},
	Author		   = {University of Toronto},
	HowPublished		   = {Website},
	Year			   = {2017},
	Lastvisit		   = {14 february 2017},
	Publisher		   = {University of Toronto},
	Url			   = {http://www.eecg.toronto.edu/~vaughn/challenge/fpga_arch.html},
	Owner			   = {Mohamed},
}

@Misc{analog_quality,
	Title			   = {DIGITAL VS ANALOG AUDIO: AN OVERVIEW},
	Author		   = {Dave Gans},
	HowPublished		   = {Website},
	Year			   = {2015},
	Lastvisit		   = {15 february 2017},
	Publisher		   = {The Klipsch Joint},
	Url			   = {http://www.klipsch.com/blog/digital-vs-analog-audio},
	Owner			   = {Mohamed},
}

@Misc{analog_storage,
	Title			   = {Does digital sound better than analog?},
	Author		   = {JONATHAN STRICKLAND },
	HowPublished		   = {Website},
	Year			   = {2017},
	Lastvisit		   = {15 february 2017},
	Publisher		   = {How Stuff Works},
	Url			   = {http://electronics.howstuffworks.com/digital-versus-analog1.htm},
	Owner			   = {Mohamed},
}

@Misc{analog_aliasing,
	Title			   = {What advantages does analog signal processing have over digital?},
	Author		   = {Jacob VanWagoner },
	HowPublished		   = {Website},
	Year			   = {2017},
	Lastvisit		   = {16 february 2017},
	Publisher		   = {Quora},
	Url			   = {https://www.quora.com/What-advantages-does-analog-signal-processing-have-over-digital/answer/Jacob-VanWagoner},
	Owner			   = {Mohamed},
}

@Misc{analog_requirements,
	Title			   = {What advantages does analog signal processing have over digital?},
	Author		   = {University of Maryland Institute for Advanced Computer Studies},
	HowPublished		   = {Lecture},
	Year			   = {2017},
	Lastvisit		   = {16 february 2017},
	Publisher		   = {University of Maryland Institute for Advanced Computer Studies},
	Url			   = {http://www.umiacs.umd.edu/~ramani/cmsc828d_audio/Signals.pdf},
	Owner			   = {Mohamed},
}

@Misc{build_your_guitar,
	Title			   = {The Secrets of Electric Guitar Pickups},
	Author		   = {Helmuth E. W. Lemme},
	HowPublished		   = {Website},
	Year			   = {2009},
	Lastvisit		   = {21 february 2017},
	Publisher		   = {Build your guitar},
	Url			   = {http://buildyourguitar.com/resources/lemme/},
	Owner			   = {Sebastian},
}

@Misc{electricalfun,
	Title			   = {Basic electric guitar circuits - part 2},
	Author		   = {Kurt Prange},
	HowPublished		   = {Website},
	Year			   = {2017},
	Lastvisit		   = {21 february 2017},
	Publisher		   = {Build your guitar},
	Url			   = {http://www.electricalfun.com/workbenchfun/basic_electric_guitar_circuits_pt2.aspx},
	Owner			   = {Sebastian},
}

@Misc{eetimes,
	Title			   = {DSP or FPGA? How to choose the right device},
	Author		   = {Bamdad Afra, Amit Kapadiya},
	HowPublished		   = {Website},
	Year			   = {2017},
	Lastvisit		   = {27 february 2017},
	Publisher		   = {EETimes},
	Url			   = { http://www.eetimes.com/document.asp?doc_id=1275564&page_number=2},
	Owner			   = {Mohamed},
}

@Misc{rtcmag,
	Title			   = {FPGAs and DSPs – What Makes Sense for Your Design?},
	Author		   = {NARINDER LALL},
	HowPublished		   = {Website},
	Year			   = {2017},
	Lastvisit		   = {27 february 2017},
	Publisher		   = {RTC Magazine},
	Url			   = {http://rtcmagazine.com/articles/view/100399},
	Owner			   = {Mohamed},
}

@Misc{offchip,
	Title			   = {DSPs Vs. FPGAs: Is there a superior choice for portable design?},
	Author		   = {David Coode},
	HowPublished		   = {Website},
	Year			   = {2017},
	Lastvisit		   = {27 february 2017},
	Publisher		   = {Offchip Communication LLC},
	Url			   = {http://low-powerdesign.com/article_ONSEMI_Coode.htm},
	Owner			   = {Mohamed},
}

@Misc{hunteng,
	Title			   = {Choosing FPGA or DSP for your Application},
	Author		   = {Hunt Engineering},
	HowPublished		   = {Website},
	Year			   = {2017},
	Lastvisit		   = {27 february 2017},
	Publisher		   = {Hunt Engineering},
	Url			   = {http://www.hunteng.co.uk/info/fpga-or-dsp.htm},
	Owner			   = {Mohamed},
}

@Misc{diffbet,
	Title			   = {Difference between DSP Processor and Microcontroller},
	Author		   = {Difference Between},
	HowPublished		   = {Website},
	Year			   = {2017},
	Lastvisit		   = {28 february 2017},
	Publisher		   = {Difference Between},
	Url			   = {http://www.differencebetween.info/difference-between-dsp-processor-and-microcontroller},
	Owner			   = {Mohamed},
}

@Misc{esp_simone,
	Title			   = {Microcontrollers and DSPs},
	Author		   = {Simone Buso},
	HowPublished		   = {Website},
	Year			   = {2017},
	Lastvisit		   = {28 february 2017},
	Publisher		   = {Universidade Estadual de Campinas},
	Url			   = {http://www.dsce.fee.unicamp.br/~antenor/pdffiles/simone/Seminario_Sampa.pdf},
	Owner			   = {Mohamed},
}

@Misc{tex_dsp,
	Title			   = {EMBEDDED SIGNAL PROCESSING ON MICROCONTROLLERS},
	Author		   = {AMEY ARUN DEOSTHALI  B E },
	HowPublished		   = {Website},
	Year			   = {2017},
	Lastvisit		   = {28 february 2017},
	Publisher		   = {The University of Texas at Austin},
	Url			   = {http://users.ece.utexas.edu/~bevans/students/ms/amey_deosthali/ms.pdf},
	Owner			   = {Mohamed},
}

@Misc{diffbet2,
	Title			   = {Difference between DSP and General Purpose Processor},
	Author		   = {Difference Between},
	HowPublished		   = {Website},
	Year			   = {2017},
	Lastvisit		   = {28 february 2017},
	Publisher		   = {Difference Between},
	Url			   = {http://www.differencebetween.info/difference-between-dsp-and-general-purpose-processor},
	Owner			   = {Mohamed},
}

@Misc{dB,
	Title			   = {Conversion
Voltage V to Voltage level Lu (dBu) and LV (dBV)},
	Author		   = {Sengpielaudio},
	HowPublished		   = {Website},
	Year			   = {2017},
	Lastvisit		   = {28 february 2017},
	Publisher		   = {Sengpielaudio},
	Url			   = {http://www.sengpielaudio.com/calculator-db-volt.htm},
	Owner			   = {Sebastian},
}

@Misc{CCRMA,
	Title			   = {SIMPLIFIED, PHYSICALLY-INFORMED MODELS OF DISTORTION AND OVERDRIVE
GUITAR EFFECTS PEDALS},
	Author		   = {David T. Yeh, Jonathan S. Abel and Julius O. Smith},
	HowPublished		   = {Website},
	Year			   = {2007},
	Lastvisit		   = {2 march 2017},
	Publisher		   = {Center for Computer Research in Music and Acoustics (CCRMA)
Stanford University, Stanford, CA
},
	Url			   = {http://citeseerx.ist.psu.edu/viewdoc/download?doi=10.1.1.577.2947&rep=rep1&type=pdf},
	Owner			   = {Sebastian},
}

@Misc{Julius_smith,
	Title			   = {Introduction to digital filters},
	Author		   = {Julius O. Smith},
	HowPublished		   = {Website},
	Year			   = {2017},
	Lastvisit		   = {17 march 2017},
	Publisher		   = {freebooks
},
	Url			   = {https://www.dsprelated.com/freebooks/filters/Low_High_Shelving_Filters.html},
	Owner			   = {Sebastian},
}

@Misc{constant_Q,
	Title			   = {Equalizers and Constant-Q},
	Author		   = {Richard Chinn},
	HowPublished		   = {Website},
	Year			   = {1989},
	Lastvisit		   = {20 march 2017},
	Publisher		   = {AudioControl
},
	Url			   = {http://autosound21.co.kr/shop/board_data/automanual/audiocontrol-tech-constantQ.pdf},
	Owner			   = {Sebastian},
}

@Misc{Boss_GE7,
	Title			   = {GE-7},
	Author		   = {BOSS},
	HowPublished		   = {Website},
	Year			   = {2017},
	Lastvisit		   = {20 march 2017},
	Publisher		   = {BOSS
},
	Url			   = {https://www.boss.info/us/products/ge-7/features/},
	Owner			   = {Sebastian},
}


@Misc{LPCF,
	Title			   = {Shroeder Moore filter},
	Author		   = {recordingblogs},
	HowPublished		   = {Website},
	Year			   = {2017},
	Lastvisit		   = {28 march 2017},
	Publisher		   = {recordingblogs},
	Url			   = {http://www.recordingblogs.com/sa/Wiki/topic/Shroeder-Moore-filter},
	Owner			   = {Jonas},
}



@Misc{LPCFfd,
	Title			   = {LOWPASS-FEEDBACK COMB FILTER},
	Author		   = {dsprelated},
	HowPublished		   = {Website},
	Year			   = {2017},
	Lastvisit		   = {29 march 2017},
	Publisher		   = {dsprelated},
	Url			   = {https://www.dsprelated.com/freebooks/pasp/Lowpass_Feedback_Comb_Filter.html},
	Owner			   = {Jonas},
}



@Misc{rfi,
	Title			   = {Room For Improvement},
	Author		   = {Hugh Robjohns & Paul White},
	HowPublished		   = {Website},
	Year			   = {2017},
	Lastvisit		   = {31 march 2017},
	Publisher		   = {Sound on sound},
	Url			   = {http://www.soundonsound.com/techniques/room-improvement},
	Owner			   = {Jonas},
}

@Misc{c55x_cpu,
	Title			   = {C55x v3.x CPU Reference guide},
	Author		   = {Texas Instruments},
	HowPublished		   = {Website},
	Year			   = {2009},
	Lastvisit		   = {04 may 2017},
	Publisher		   = {Texas Instruments},
	Url			   = {http://www.ti.com/lit/ug/swpu073e/swpu073e.pdf},
	Owner			   = {Sebastian},
}

@Misc{cordic,
	Title			   = {Digital Circuits/CORDIC},
	Author		   = {WIKIBOOKS},
	HowPublished		   = {Website},
	Year			   = {2017},
	Lastvisit		   = {09 may 2017},
	Publisher		   = {WIKIBOOKS},
	Url			   = {https://en.wikibooks.org/wiki/Digital_Circuits/CORDIC},
	Owner			   = {Sebastian},
}

@Misc{stereoloop,
	Title			   = {TMS320C5515 eZDSP USB STICK Software Resources},
	Author		   = {spectrumdigital},
	HowPublished		   = {Website},
	Year			   = {2017},
	Lastvisit		   = {09 may 2017},
	Publisher		   = {spectrumdigital},
	Url			   = {http://support.spectrumdigital.com/boards/usbstk5515_v2/reva/},
	Owner			   = {Sebastian},
}

@Misc{rms_noise,
	Title			   = {Op Amp Noise Relationships: 1/f Noise, RMS Noise,
and Equivalent Noise Bandwidth},
	Author		   = {Analog Device},
	HowPublished		   = {Website},
	Year			   = {2017},
	Lastvisit		   = {09 may 2017},
	Publisher		   = {Analog Device},
	Url			   = {http://www.analog.com/media/en/training-seminars/tutorials/MT-048.pdf},
	Owner			   = {Sebastian},
}


@Misc{wind_hight_sound,
	Title			   = {Why can a distant sound be heard easier when it travels with the wind?},
	Author		   = {Cheung Kai-chung},
	HowPublished		   = {Website},
	Year			   = {2019},
	Lastvisit		   = {16 feb 2019},
	Publisher		   = {hk_phy},
	Url			   = {http://www.hk-phy.org/iq/sound_wind/sound_wind_e.html},
	Owner			   = {Jonas},
}


http://www.hk-phy.org/iq/sound_wind/sound_wind_e.html